@book{ref1,
    author={KRAUSE Andrew},
    title={Foundation of GTK+ Development, Build sophisticated graphical applications using one of the world's most powerful cross-platform toolkits !},
    publisher={APRESS},
    year={2007},
}

@misc{ref2,
    author={},
    title={GTK+ 3 Reference Manual},
    month={},
    year={2014},
    note={https://developer.gnome.org/gtk3/stable/, consulté de 04/19 à 07/19}
}

@misc{ref3,
    author={BODNAR Jan},
    title={GTK+ tutorial},
    month={July},
    year={2015},
    note={http://zetcode.com/gui/gtk2/, consulté en 04/19}
}

@misc{ref4,
    author={},
    title={LaTeX, Wikibooks},
    month={Jun},
    year={2017},
    note={https://fr.wikibooks.org/wiki/LaTeX, consulté en 07/19}
}

@book{ref5,
    author={KERNIGHAN Brian W., RITCHIE Dennis M.},
    title={Le Langage C, Norme ANSI, 2e édition.},
    publisher={DUNOD},
    year={2014}
}

@book{ref6,
    author={ILIC Jovica},
    title={Mastering Vim Quickly, From WTF to OMG in no time.},
    publisher={Jolesoft},
    year={2018}
}

@book{ref7,
    author={CHACON Scott, STRAUB Ben},
    title={Pro Git, Tout ce que vous devez savoir sur Git, Seconde Edition.},
    publisher={APRESS},
    year={2014}
}

@book{ref8,
    author={DELANNOY Claude},
    title={Programmer en langage C, 5e édition, Cours et exercices corrigés.},
    publisher={EYROLLES},
    year={2009}
}

@misc{ref9,
    author={OETIKER Tobias, PARTL Hubert, HYNA Irene, SCHLEGL Elisabeth},
    title={The Not So Short Introduction To LaTex 2", Or LaTeX 2" in 139 minutes.},
    month={February},
    year={2018},
    note={Version 6.2, GNU General Public License}
}

@misc{ref10,
    author={LANDGRAF T, ROJAS R, NGUYEN H, KRIEGEL F, STETTIN K.},
    title={Analysis of the waggle dance motion of honeybees for the design of a biomimetic honeybee robot.},
    month={},
    year={2011},
    note={https://www.ncbi.nlm.nih.gov/pubmed/21857906}
}
    
@misc{ref11,
    author={Wikipedia},
    title={Varroa},
    month={April},
    year={2019},
    note={https://fr.wikipedia.org/wiki/Varroa, consulté le 01/05/19}
}

@misc{ref12,
    author={Wikipedia},
    title={Vespa velutina},
    month={Jun},
    year={2019},
    note={https://fr.wikipedia.org/wiki/Vespa_velutina, consulté le 01/05/19}
}



