@book{book1,
    author={MUHAMMAD Ali Mazidi, SHUJEN Chen, ESHRAGH Ghaemi},
    title={STM32 ARM Programming for Embedded Systems},
    publisher={Amazon},
    year={2014-2018},
}

@misc{site1,
    author={},
    title={L'I-SITE MUSE},
    month={},
    year={},
    note={https://muse.edu.umontpellier.fr/li-site-muse/, consulté le 07/02/20}
}

@misc{site2,
    author={},
    title={SITE IBMM},
    month={},
    year={},
    note={https://ibmm.umontpellier.fr/, consulté le 07/02/20}
}

@misc{site3,
    author={},
    title={SITE LMGC},
    month={},
    year={},
    note={http://www.lmgc.univ-montp2.fr/, consulté le 07/02/20}
}

@misc{site4,
    author={},
    title={SITE CNRS},
    month={},
    year={},
    note={http://www.cnrs.fr/fr/page-daccueil, consulté le 07/02/20}
}

@misc{site5,
    author={},
    title={Wikipédia Varroa},
    month={},
    year={},
    note={https://fr.wikipedia.org/wiki/Varroa, consulté le 07/02/20}
}

@misc{site6,
    author={},
    title={Wikipédia Frelons Asiatique},
    month={},
    year={},
    note={https://fr.wikipedia.org/wiki/Vespa_velutina, consulté le 07/02/20}
}

@misc{ref4,
    author={},
    title={LaTeX, Wikibooks},
    month={Jun},
    year={2017},
    note={https://fr.wikibooks.org/wiki/LaTeX, consulté en 07/19}
}

@book{ref5,
    author={KERNIGHAN Brian W. RITCHIE Dennis M.},
    title={Le Langage C, Norme ANSI, 2e édition.},
    publisher={DUNOD},
    year={2014}
}

@book{ref6,
    author={ILIC Jovica},
    title={Mastering Vim Quickly, From WTF to OMG in no time.},
    publisher={Jolesoft},
    year={2018}
}

@book{ref7,
    author={CHACON Scott STRAUB Ben},
    title={Pro Git, Tout ce que vous devez savoir sur Git, Seconde Edition.},
    publisher={APRESS},
    year={2014}
}

@book{ref8,
    author={DELANNOY Claude},
    title={Programmer en langage C, 5e édition, Cours et exercices corrigés.},
    publisher={EYROLLES},
    year={2009}
}

@misc{ref9,
    author={OETIKER Tobias PARTL Hubert HYNA Irene SCHLEGL Elisabeth},
    title={The Not So Short Introduction To LaTex 2", Or LaTeX 2" in 139 minutes.},
    month={February},
    year={2018},
    note={Version 6.2, GNU General Public License}
}

@misc{ref10,
    author={LANDGRAF T ROJAS R NGUYEN H KRIEGEL F STETTIN K.},
    title={Analysis of the waggle dance motion of honeybees for the design of a biomimetic honeybee robot.},
    month={},
    year={2011},
    note={https://www.ncbi.nlm.nih.gov/pubmed/21857906}
}
    


           
